
% BEGIN: Random Book
@book{book1,
  author = {Author1, First and Author2, Second},
  title = {Random Book},
  year = {2022},
  publisher = {Publisher},
}
% END: Random Book

% BEGIN: Random Journal Paper
@article{paper1,
  author = {Author3, First and Author4, Second},
  title = {Random Journal Paper},
  journal = {Journal of Randomness},
  year = {2021},
  volume = {10},
  number = {2},
  pages = {100-120},
}
@article{Gichane2024,
    author = {M. M. Gichane and J. B. Byiringiro and M. Benoussaad and M. Rakotondrabe},
    title = {Human-Centric Framework for Robotic Assembly for Industry of the Future},
    journal = {International Journal of Precision Engineering and Manufacturing},
    year = {2024},
    pages = {1-19}
}
% END: Random Journal Paper

% BEGIN: Random Webpage
@online{unity-firsthand,
  author    = {Oculus Samples},
  title     = {Unity-FirstHand},
  year      = {2025},
  url       = {https://github.com/oculus-samples/Unity-FirstHand},
  urldate   = {2025-04-12},
}

@online{ur3-manual,
  author    = {Universal Robots},
  title     = {UR3/CB3 Original Instructions Manual},
  year      = {2015},
  url       = {https://www.manualslib.com/manual/2019611/Universal-Robots-Ur3-Cb3.html?page=104},
  note      = {2025-04-10},
}

@online{ARXroboticsX2025,
    author = {{ARXroboticsX}},
    title = {ARX VR SDK},
    year = {2025},
    url = {https://github.com/ARXroboticsX/ARX_VR_SDK/blob/main/%E8%AE%A4%E8%AF%86VR.md},
    note = {2025-04-14}
}

@online{MirCore2025,
    author = {MirCore},
    title = {Unity-Object-Detection-and-Localization-with-VR},
    year = {2025},
    url = {https://github.com/MirCore/Unity-Object-Detection-and-Localization-with-VR},
    note = {2025-04-14}
}

@online{Jain2024,
    author = {R. Jain},
    title = {Mechanical Gripper},
    year = {2024},
    month = {October},
    url = {https://grabcad.com/library/mechanical-gripper-14},
    note = {2025-04-14}
}

@online{IEEE,
    author = {{IEEE}},
    title = {IEEE Code of Ethics},
    url = {https://www.ieee.org/about/index.html},
    note = {2025-04-14}
}

@online{unity_camera_reference_2024,
  author    = {{Unity Technologies}},
  title     = {Camera Component Reference},
  year      = {2024},
  url       = {https://docs.unity3d.com/cn/Packages/com.unity.render-pipelines.universal@12.1/manual/camera-component-reference.html},
  note      = {2025-04-01},
}

@online{unity_mesh_renderer_6000,
  author    = {{Unity Technologies}},
  title     = {Mesh Renderer},
  url       = {https://docs.unity3d.com/6000.0/Documentation/ScriptReference/MeshRenderer.html},
  note      = {Accessed: 2025-04-01},
}

@online{csdn_daniaoxp_2025,
  author    = {DaniaoXP},
  title     = {stm32F103入门学习},
  year      = {2025},
  url       = {https://blog.csdn.net/daniaoxp/article/details/100101149},
  note      = {Accessed: 2025-03-16},
}
% END: Random Webpage

% BEGIN: New Book
@book{book2,
  author = {Author7, First and Author8, Second},
  title = {New Book},
  year = {2023},
  publisher = {Publisher},
}
% END: New Book

% BEGIN: New Journal Paper
@article{paper2,
  author = {Author9, First and Author10, Second},
  title = {New Journal Paper},
  journal = {Journal of Newness},
  year = {2022},
  volume = {11},
  number = {3},
  pages = {200-220},
}
% END: New Journal Paper
